<marc:record xmlns:marc="http://www.loc.gov/MARC21/slim" xmlns:xsi="http://www.w3.org/2001/XMLSchema-instance" xsi:schemaLocation="http://www.loc.gov/MARC21/slim http://www.loc.gov/standards/marcxml/schema/MARC21slim.xsd">
  <marc:leader>     nam a2200301 a 45M</marc:leader>
  <marc:controlfield tag="001">001696995</marc:controlfield>
  <marc:controlfield tag="003">NNU</marc:controlfield>
  <marc:controlfield tag="005">20061010171143.0</marc:controlfield>
  <marc:controlfield tag="008">010125s1872    tu      a     000 0dara d</marc:controlfield>
  <marc:datafield tag="035" ind1="9" ind2=" ">
    <marc:subfield code="a">NYUb12244034</marc:subfield>
  </marc:datafield>
  <marc:datafield tag="035" ind1=" " ind2=" ">
    <marc:subfield code="a">(CStRLIN)NYUG01-B499</marc:subfield>
  </marc:datafield>
  <marc:datafield tag="040" ind1=" " ind2=" ">
    <marc:subfield code="a">NjP</marc:subfield>
    <marc:subfield code="c">NjP</marc:subfield>
    <marc:subfield code="d">NNU</marc:subfield>
  </marc:datafield>
  <marc:datafield tag="066" ind1=" " ind2=" ">
    <marc:subfield code="c">(3</marc:subfield>
  </marc:datafield>
  <marc:datafield tag="090" ind1=" " ind2=" ">
    <marc:subfield code="a">PJ7515</marc:subfield>
    <marc:subfield code="b">.A28</marc:subfield>
  </marc:datafield>
  <marc:datafield tag="100" ind1="1" ind2=" ">
    <marc:subfield code="a">Miṣrī, Mīkhāʼīl ʻAbd al-Sayyid</marc:subfield>
    <marc:subfield code="6">01</marc:subfield>
  </marc:datafield>
  <marc:datafield tag="100" ind1="1" ind2=" ">
    <marc:subfield code="6">01</marc:subfield>
    <marc:subfield code="a">مصري، مخائيل عبد السيد.</marc:subfield>
  </marc:datafield>
  <marc:datafield tag="240" ind1="1" ind2="0">
    <marc:subfield code="6">02</marc:subfield>
    <marc:subfield code="a">Sulwān al-shajī fī al-radd ʻalá Ibrāhīm al-Yāzijī</marc:subfield>
  </marc:datafield>
  <marc:datafield tag="240" ind1="1" ind2="0">
    <marc:subfield code="6">02</marc:subfield>
    <marc:subfield code="a">سلوان الشجى فى الرد على ابراهيم اليازجى.</marc:subfield>
  </marc:datafield>
  <marc:datafield tag="245" ind1="1" ind2="0">
    <marc:subfield code="6">03</marc:subfield>
    <marc:subfield code="a">Kitāb Sulwān al-shajī fī al-radd ʻalá Ibrāhīm al-Yāzijī /</marc:subfield>
    <marc:subfield code="c">taʼlīf Mikhāyil Afandī ʻAbd al-Sayyid al-Miṣrī.</marc:subfield>
  </marc:datafield>
  <marc:datafield tag="245" ind1="1" ind2="0">
    <marc:subfield code="6">03</marc:subfield>
    <marc:subfield code="a">كتاب سلوان الشجى فى الرد على ابراهيم اليازجى /</marc:subfield>
    <marc:subfield code="c">تاليف مخائيل عبدالسيد المصري.</marc:subfield>
  </marc:datafield>
  <marc:datafield tag="250" ind1=" " ind2=" ">
    <marc:subfield code="a">al-Ṭabʻah 1, ṭubiʻa minhā 5000 naskhah.</marc:subfield>
  </marc:datafield>
  <marc:datafield tag="260" ind1=" " ind2=" ">
    <marc:subfield code="6">04</marc:subfield>
    <marc:subfield code="a">al-Asitānah [Istanbul] :</marc:subfield>
    <marc:subfield code="b">Maṭbaʻat al-Jawāʼib,</marc:subfield>
    <marc:subfield code="c">1289 [1872]</marc:subfield>
  </marc:datafield>
  <marc:datafield tag="260" ind1=" " ind2=" ">
    <marc:subfield code="6">04</marc:subfield>
    <marc:subfield code="a">الاستانة [استنبول] :</marc:subfield>
    <marc:subfield code="b">مطبعة الجوائب،</marc:subfield>
    <marc:subfield code="c">١٢٨٩ [١٨٧٢]</marc:subfield>
  </marc:datafield>
  <marc:datafield tag="300" ind1=" " ind2=" ">
    <marc:subfield code="a">4, 110 p.</marc:subfield>
  </marc:datafield>
  <marc:datafield tag="500" ind1=" " ind2=" ">
    <marc:subfield code="a">Defense of Aḥmad Fāris al-Shidyāq against polemics of Ibrāhīm al-Yāzijī.</marc:subfield>
  </marc:datafield>
  <marc:datafield tag="600" ind1="1" ind2="0">
    <marc:subfield code="a">Shidyāq, Aḥmad Fāris,</marc:subfield>
    <marc:subfield code="d">1804?-1887.</marc:subfield>
  </marc:datafield>
  <marc:datafield tag="600" ind1="1" ind2="0">
    <marc:subfield code="a">Yāzijī, Ibrāhīm,</marc:subfield>
    <marc:subfield code="d">1847-1906.</marc:subfield>
  </marc:datafield>
  <marc:datafield tag="740" ind1="0" ind2=" ">
    <marc:subfield code="a">Sulwān al-shajī fī al-radd ʻalá Ibrāhīm al-Yāzijī.</marc:subfield>
  </marc:datafield>
  <marc:datafield tag="998" ind1=" " ind2=" ">
    <marc:subfield code="a">20010125</marc:subfield>
    <marc:subfield code="d">20010125</marc:subfield>
    <marc:subfield code="d">20011007</marc:subfield>
    <marc:subfield code="n">NNU</marc:subfield>
    <marc:subfield code="s">1</marc:subfield>
    <marc:subfield code="t">c</marc:subfield>
    <marc:subfield code="z">p</marc:subfield>
  </marc:datafield>
</marc:record>
